<record><leader>00000cas a22000007a 4500</leader><controlfield tag="001">13810360</controlfield><controlfield tag="008">860702d18921914nyudn ne      0    0ger  </controlfield><datafield ind1=" " ind2=" " tag="010"><subfield code="a">sn 86071673 </subfield></datafield><datafield ind1=" " ind2=" " tag="040"><subfield code="a">DLC</subfield><subfield code="b">eng</subfield><subfield code="c">DLC</subfield><subfield code="d">OCLCQ</subfield></datafield><datafield ind1=" " ind2=" " tag="042"><subfield code="a">msc</subfield></datafield><datafield ind1="0" ind2="0" tag="050"><subfield code="a">Newspaper 9051</subfield></datafield><datafield ind1="0" ind2="0" tag="245"><subfield code="a">Abenblatt der N.Y. Staats-Zeitung.</subfield></datafield><datafield ind1="3" ind2="0" tag="246"><subfield code="a">Abenblatt der New York Staats Zeitung</subfield></datafield><datafield ind1=" " ind2=" " tag="260"><subfield code="a">New York [N.Y.] :</subfield><subfield code="b">O. Ottendorfer</subfield></datafield><datafield ind1=" " ind2=" " tag="300"><subfield code="a">v. :</subfield><subfield code="b">ill. ;</subfield><subfield code="c">57 cm.</subfield></datafield><datafield ind1=" " ind2=" " tag="310"><subfield code="a">Daily (except Sun.)</subfield></datafield><datafield ind1="1" ind2=" " tag="362"><subfield code="a">Began in Sept. 1892; ceased with Mar. 9, 1914 issue.</subfield><subfield code="z">Cf. Arndt, K.J.R. Deutsch-Amerikanische Zeitungen und Zeischriften, 1732-1955.</subfield></datafield><datafield ind1=" " ind2=" " tag="500"><subfield code="a">Evening ed. of New-Yorker Staats-Zeitung.</subfield></datafield><datafield ind1=" " ind2=" " tag="546"><subfield code="a">In German.</subfield></datafield><datafield ind1=" " ind2=" " tag="588"><subfield code="a">Description based on: Jahr, 63, Nr. 156 (1. Juli, 1897).</subfield></datafield><datafield ind1=" " ind2=" " tag="752"><subfield code="a">United States</subfield><subfield code="b">New York</subfield><subfield code="c">New York</subfield><subfield code="d">New York.</subfield></datafield><datafield ind1="0" ind2="0" tag="785"><subfield code="t">New-Yorker Staatszeitung. ABendblatt</subfield></datafield><datafield ind1="1" ind2=" " tag="029"><subfield code="a">AU@</subfield><subfield code="b">000025789039</subfield></datafield></record>